% This is annote.bib
% Author: Ayman Ammoura
% A demo for CMPUT 603 Fall 2002.
% The order of the following entries is irrelevant. They will be sorted according to the
% bibliography style used.
%%%%%%%%%%%%%%%%%%%%%%%%%%%%%%%%%%%%%%%%%%%%%%%%%%%%%%%%%%%%%%%%%%%%%%%%%%%%%%%%%%%%%%%%%

% The following is a conference paper

@inproceedings{goodfellow2014generative,
  title={Generative adversarial nets},
  author={Goodfellow, Ian and Pouget-Abadie, Jean and Mirza, Mehdi and Xu, Bing and Warde-Farley, David and Ozair, Sherjil and Courville, Aaron and Bengio, Yoshua},
  booktitle={Advances in neural information processing systems},
  pages={2672--2680},
  year={2014}
}

@inproceedings{salimans2016improved,
  title={Improved techniques for training gans},
  author={Salimans, Tim and Goodfellow, Ian and Zaremba, Wojciech and Cheung, Vicki and Radford, Alec and Chen, Xi},
  booktitle={Advances in Neural Information Processing Systems},
  pages={2234--2242},
  year={2016}
}

@article{manisha2018generative,
  title={Generative Adversarial Networks (GANs): What it can generate and What it cannot?},
  author={Manisha, P and Gujar, Sujit},
  journal={arXiv preprint arXiv:1804.00140},
  year={2018}
}


@article{chang2018concept,
  title={Concept-Oriented Deep Learning: Generative Concept Representations},
  author={Chang, Daniel T},
  journal={arXiv preprint arXiv:1811.06622},
  year={2018}
}


@article{creswell2018generative,
  title={Generative adversarial networks: An overview},
  author={Creswell, Antonia and White, Tom and Dumoulin, Vincent and Arulkumaran, Kai and Sengupta, Biswa and Bharath, Anil A},
  journal={IEEE Signal Processing Magazine},
  volume={35},
  number={1},
  pages={53--65},
  year={2018},
  publisher={IEEE}
}


@article{hitawala2018comparative,
  title={Comparative Study on Generative Adversarial Networks},
  author={Hitawala, Saifuddin},
  journal={arXiv preprint arXiv:1801.04271},
  year={2018}
}

@article{borji2018pros,
  title={Pros and Cons of GAN Evaluation Measures},
  author={Borji, Ali},
  journal={arXiv preprint arXiv:1802.03446},
  year={2018}
}




@InProceedings{jaynil,
  author    = {Mr. Jaynil Patel and Mr. Shivang Pandya and Prof. Vatsal Shah },
  title     = {Review on Generative Adversarial Networks},
  booktitle = { Impact Factor: 5.22 (SJIF-2017), e-ISSN: 2455-2585
Volume4, Issue 7, July-2018}
}

@InProceedings{ian,
  author    = {Ian J. Goodfellow },
  title     = {What are the pros and cons of using generative adversarial networks (a type of neural network)?},
  booktitle = { Quora}
}



%%


% A Journal paper about the object system.





%%